@BOOK{GettingStarted,
 title={WebSphere Edge Server for Multiplatforms},
 publisher={IBM Corp.},
 year=2000
}

@BOOK{siecikomputerowe,
 author={Douglas E. Comer},
 title={Sieci Komputerowe i Intersieci},
 publisher={Wydawnictwa Naukowo-Techniczne},
 year=2000
}

@BOOK{NDUsersGuide,
 title={IBM Network Dispatcher User's Guide - version 3.0 for Multiplatforms},
 publisher={IBM Corp.},
 year=2000
}

@BOOK{LoadBalancingWithND,
 title={IBM WebSphere Performance PAck: Load Balancing with IBM SecureWay Network Dispatcher},
 publisher={IBM Corp.},
 year=1999
}

@BOOK{WTEProgramming,
 title={WebSphere Edge Server for Multiplatforms - WTE Programming Guide - version 1.0},
 publisher={IBM Corp.},
 year=2000
}

@BOOK{WTEUsersGuide,
 title={WebSphere Edge Server for Multiplatforms - Web Traffic Express User's Guide - version 1.0},
 publisher={IBM Corp.},
 year=2000
}

@ARTICLE{Client-Aware,
 author={Emiliano Casalicchio and Michele Colojanni},
 title={A Client-Aware Dispatching Algorithm for Web Clusters Providing Multiple Services},
 year=2001
}

@ARTICLE{ScalableWebClusters,
 author={Emiliano Casalicchio and Michele Colojanni},
 title={Scalable Web Clusters with Static and Dynamic Contents}
}

@ARTICLE{Static&Dynamic,
 author={Emiliano Casalicchio and Salvatore Tucci},
 title={Static and Dynamic Scheduling Algorithms for Scalable Web Server Farm},
 year=2000
}

@ARTICLE{GeographicLoad,
 author={Valeria Cordellini and Michele Colojanni and Phillips S. Yu},
 title={Geographic Load Balancing for Scalable Distributed Web Systems},
 journal={IEEE},
 year=2000
}

@ARTICLE{ContentSmart,
 author={ArrowPoint Communications},
 title={Content Smart Web Switches for Distributed Web Sites},
 journal={http://www.arrowpoint.com}
}

@ARTICLE{TestingStateful,
 author={ArrowPoint Communications},
 title={Testing Stateful Networking Devices for Web Applications},
 journal={http://www.arrowpoint.com}
}

@ARTICLE{Embedded,
 author={Mikhail Mikhailov and Craig E. Wills},
 title={Embedded Objects in Web Pages},
 journal={Computer Science Technical Report Series},
 year=2000
}

@ARTICLE{ModeleFunkcjonalne,
 author={Ziemowit Nowak and Radosław Porczyński},
 title={Modele Funkcjonalne Systemów do Równoważenia Obciążeń w Serwisach WWW},
 journal={Studia Informatica},
 number=1,
 volume=22,
 year=2001
}

@ARTICLE{metodyalgorytmy,
 author={Leszek Borzemski and Ziemowit Nowak and Radosław Porczyński},
 title={Metody, Algorytmy i Rozwiązania systemowe Równoważenia Obciążenia Serwerów WWW},
 journal={Studia Informatica},
 number=1,
 volume=21,
 year=2000
}

@ARTICLE{PerformanceStudy,
 author={Valeria Cardellini and Emiliano Casalicchio and Michele Colojanni},
 title={A Performance Study of Distributed Architectures for the Quality of Web Services},
 journal={IEEE},
 year=2001
}

@ARTICLE{NCSA,
 author={E. Katz and M. Butler and R. McGrath},
 title={A Scalable HTTP Server; The NCSA Prototype},
 journal={First International Conference on the World Wide Web},
 year=1994
}

@ARTICLE{analisys,
 author={M. Colojanni and P. S. Yu and D. M. Dias},
 title={Analysis of Task Assignement Policies in Scalable Distributed Web-server System},
 journal={IEEE Transactions on Parallel and Distributed Systems},
 number=6,
 volume=9,
 year=1998
}

@ARTICLE{virtualserver,
 title={http://www.linuxvirtualserver.org}
}

@ARTICLE{LocalDirector,
 title={http://www.cisco.com/warp/public/cc/cisco/mkt/scale/locald}
}

@ARTICLE{MagicRouter,
 author={E, Anderson and D. Patterson and E. Brewer},
 title={The MagicRouter, an Application of Fast Packet Interposing},
 journal={University of California, Berkley},
 year=1998
}

@ARTICLE{wybraneelementy,
 author={Radosław Porczyński},
 title={Wybrane elementy architektury globalnych serwerów {WWW}},
 journal={Zeszyty naukowe Politechniki Śląskiej},
 number=1381,
 pages="149-162",
 year=1998
}
@BOOK{barylo1,
 author={ T. Parker},
 title={ TCP/IP },
 publisher={Wydawnictwo HELION },
 year= 1997
 }

@BOOK{barylo2,
 author={ R. Stevens },
 title={ Biblia TCP/IP tom 1 do 3},
 publisher={Wydawnictwo RM },
 year= 1998
 }

@BOOK{barylo3,
 author={ P. Albitz and C. Liu },
 title={ DNS i Bind },
 publisher={Wydawnictwo RM },
 year= 1999
 }

@BOOK{ barylo4,
 author={ R. Fielding and J. Gettys and J. Mogul and H. Frystyk and T. Berners-Lee },
 title={ Hypertext Transfer Protocol - HTTP 1.1 },
 publisher={RFC 2068 },
 year= 1997
 }

@BOOK{barylo5,
 author={ P. Mockapertis },
 title={ Domain Names - Concepts and Facilities },
 publisher={RFC 1034 },
 year= 1987
 }

@BOOK{barylo6,
 author={ P. Mockapertis },
 title={ Domain Names Implementation and Specification},
 publisher={RFC 1035 },
 year= 1987
 }

@BOOK{barylo7,
 author={ P. Srisuresh and D. Gan},
 title={ Load Sharing using IP Network Address Translation (LSNAT)},
 publisher={RFC 2391 },
 year= 1998
 }

@BOOK{barylo8,
 author={ T. Brisco},
 title={ DNS Support for Load Balancing },
 publisher={RFC 1794 },
 year= 1994
 }

@BOOK{barylo9,
 author={ J. Myers and M. Rose },
 title={ Post Office Protocol - Version 3 },
 publisher={RFC 1939 },
 year= 1996
 }

@ARTICLE{barylo10,
 author={ D. Wagner and B. Schneier},
 title={ Analysis of the SSL 3.0 Protocol },
 publisher={University of California },
 journal={Berkeley },
 year= 1997
 }

@ARTICLE{ barylo11,
 author={ Z. Nowak },
 title={ Przegląd aktualnych prac naukowych i rozwiązań technicznych dotyczących równoważenia obciążeń serweró},
 publisher={Raporty Politechniki Wrocławskiej},
 journal={Raport SPR 9/98},
 year= 1998
 }

@ARTICLE{ barylo12,
 author={ W. Casavant and R. Kuhl},
 title={ A taxonomy of scheduling in general - purpose distributed computing systems},
 journal={IEEE Transactions on Software Engeeniering },
 volume= 14 ,
 number= 2,
 month=Feb,
 year=1988
 }

@ARTICLE{ barylo13,
 author={ M. Chow and R. Abraham },
 title={ Load balancing in distributed systems},
 journal={IEEE Transactions on Software Engeenering},
 volume= 8,
 number= 6,
 month=Jun,
 year=1982
 }

@ARTICLE{ barylo14,
 author={ K. Lin and S. Raghavendra},
 title={ A dynamic load balancing policy with a central job dispatcher (LBC)},
 journal={IEEE Transactions on Software Engeenering},
 volume= 18 ,
 number= 2,
 month=Feb,
 year=1992
 }

@ARTICLE{ barylo15,
 author={ D. Eager and E. Lazowska andJ. Zahorjan},
 title={ Adaptive load sharing in homogeneous distributed systems },
 journal={IEEE Transactions on Software Engeenering},
 volume= 12 ,
 number= 5,
 month=Maj,
 year=1986
 }

@ARTICLE{ barylo16,
 author={ R. Watts and B. Taylor },
 title={ A practical approach to dynamic load balancing },
 journal={IEEE Transactions on Parallel and Distributed Systems},
 volume= 9,
 number= 3,
 month=Mar,
 year=1998
 }

@ARTICLE{ barylo17,
 author={ P. Krueger },
 title={ Load sharing in distributed systems},
 journal={IEEE Transactions on Computers },
 volume= 34 ,
 number= 3,
 month=Mar,
 year=1985
 }

@ARTICLE{ barylo18,
 author={ N. Shivartri and P. Krueger and M. Singhal },
 title={ Load distributing in locally distributed systems },
 journal={IEEE Computer Magazine },
 volume= 25 ,
 number= 12 ,
 month=Dec,
 year=1992
 }

@BOOK{ barylo19,
 author={ P. Krueger and R. Chawla },
 title={ The stealth distributed scheduler},
 publisher={Proceedings of 11th Conference on Distributed Computer Systems },
 year= 1991
 }

@ARTICLE{ barylo20,
 author={ M. Livny and M. Melman },
 title={ Load Balancing in Homogeneous Broadcast Distributed Systems},
 journal={ACM Performance Evaluation },
 volume= 11 ,
 number= 1,
 year= 1982
 }

@BOOK{ barylo21,
 author={ M. Colajanni and P. Yu and V. Cardellini },
 title={ High Performance Web-server Systems}
 }

@BOOK{ barylo22,
 author={ A. Mourad and H. Liu },
 title={ Scalable Web Server Architectures}
 }

@BOOK{ barylo23,
 author={ M. Colajanni and P. Yu and V. Cardellini },
 title={ Dynamic Load Balancing in Geographically Distributed Heterogeneous Web Servers.}
 }

@BOOK{ barylo24,
 author={ D. Andersen and T. Yang and O. Ibarra},
 title={ Towards a Scalable Distributed WWW Server on Workstation Cluster }
 }

@BOOK{ barylo25,
 author={ L. Aversa and A.Bestavros},
 title={ Load Balancing a Cluster of Web Servers Using Distributed Packet Rewriting },
 publisher={Technical Project Report, Boston University},
 year= 1998
 }

@BOOK{ barylo26,
 author={ D. Dias and W. Kish and R. Mukherjee and R. Tewari },
 title={ A Scalable and Highly Available Web Server },
 publisher={Proceedings of IEEE COMPCON'96 },
 year= 1996
 }

@BOOK{ barylo27,
 author={ Damani et al },
 title={ ONE-IP: Techniques for Hosting a Service on a Cluster of Machines},
 publisher={Sixth International WWW Conference },
 month=Apr,
 year=1997
 }

@ARTICLE{ barylo28,
 author={ E. Katz and M. Butler and R. McGrath },
 title={ A Scalable HTTP Server: the NCSA Protoype},
 journal={Computer Networks and ISDN Systems },
 volume= 27 ,
 year= 1994
 }

@BOOK{ barylo29,
 author={ T. Kwan and R. McGrath and D. Reed },
 title={ NCSA's World Wide Web Server: Design and Performance.}
 }

@BOOK{ barylo30,
 author={ Cisco Systems},
 title={ Scaling the Internet Web Servers },
 month=Nov,
 year=1997
 }

@BOOK{ barylo31,
 author={ Cisco Systems},
 title={ Cisco LocalDirector 416 and 430 White Paper},
 month=Feb,
 year=2000
 }

@BOOK{ barylo32,
 author={ F5 Labs},
 title={ Load Balancing and High Availability F5 Networks White Paper },
 month=Sep,
 year=1998
 }

@BOOK{ barylo33,
 author={ F5 Labs},
 title={ Local High Availability and Load Balancing with F5 BIG-IP},
 month=Mar,
 year=2000
 }

@BOOK{ barylo34,
 author={ Microsoft Corporation},
 title={ Windows NT 4.0 Server Enterprise Edition. Microsoft Windows NT Load Balancing Service. },
 publisher={White Paper},
 month=Feb,
 year=1999
 }

@BOOK{ barylo35,
 author={ G. Goldszmit and G. Hunt },
 title={ Network Dispatcher: A TCP Connection Router},
 publisher={IBM Research Report},
 month=Apr,
 year=1998
 }

@BOOK{ barylo36,
 author={ C. Gage},
 title={ Olympic-scale TCP/IP Load-balancing and Availability },
 publisher={IBM Corporation},
 month=May,
 year=1998
 }

@BOOK{ barylo38,
 author={ IBM Corporation},
 title={ AIX Version 4.3 System User's Guide: Communications and Networks },
 month= Oct,
 year=1997
 }

@BOOK{ barylo39,
 author={ IBM Corporation},
 title={ AIX Version 4.3 System Management Guide: Communications and Networks },
 month=Oct,
 year=1997
 }

@BOOK{ barylo40,
 author={ G. Kasprzyk},
 title={ Charakterystyka obciążenia i wydajności serwerów WWW w środowisku AIX.Praca dyplomowa - magisterska},
 publisher={Politechnika Wrocławska, Wydział Informatyki i Zarządzania },
 year=2000
 }

@ARTICLE{gliwice1,
author={Andresen D. and Yang T. and Holmedahl V. and Ibarra O.H.},
title={ SWEB: Toward a scalable World Wide Web server on multicomputers.},
journal={Proc. of 10th IEEE Int'l. Symp. on Parallel Processing, Honolulu},
year=1996
}

@ARTICLE{gliwice2,
author={Anderson E. and Patterson D. and Brewer E. },
title={ The Magicrouter, an application of fast packet interposing.},
journal={University of California, Berkley},
year= 1996
}

@ARTICLE{gliwice3,
title={ Scaling the World Wide Web.},
author={Cisco Systems. },
journal={http://www.cisco.com/warp/public/779/largeent/learn/topologies}
}

@ARTICLE{gliwice4,
author={Cardellini, V. and Colajanni, M. and Yu, P.S. and Hughes, E. },
title={ Efficient state estimators for load control policies in scalable Web server clusters.},
journal={COMPSAC '98. Proceedings.- The Twenty Second Annual International Conference - A Computer Software and Ap},
year= 1998
}

@ARTICLE{gliwice5,
author={Katz E. and Butler M. and McGrath R. },
title={ A Scalable HTTP Server: The NCSA Prototype.},
journal={First International Conference on the World Wide Web - CERN, Geneva},
year= 1994
}

@ARTICLE{gliwice6,
author={Colajanni M. and Yu P.S. and Dias D.M. },
title={ Analysis of task assignment policies in scalable distributed web-server systems. },
journal={IEEE Transactions on Parallel and Distributed Systems},
volume= 9,
number= 6,
year= 1998
}

@ARTICLE{gliwice7,
title={ Cisco's DistrbutedDirector.},
journal={http://www.cisco.com/warp/public/cc/cisco/mkt/scale/distr}
}

@ARTICLE{gliwice8,
author={Mourad, A. and Huiqun L. },
title={ Scalable Web server architectures. },
journal={Second IEEE Symposium on Computers and Communications - Proceedings},
year= 1997
}

@ARTICLE{gliwice9,
author={Narendran, B. and Rangarajan, S. and Yajnik, S.},
title={ Data distribution algorithms for load balanced fault-tolerant Web access.},
journal={Proceedings The Sixteenth Symposium on Reliable Distributed Systems},
year= 1997
}

@ARTICLE{gliwice10,
author={Crovella M.E. and Harchol-Balter M. and Murta C.D. },
title={ Task assignment in a distributed system: Improving performance by unbalancing load.},
journal={Proc. Of ACM Sigmetrics' 98 - Madison},
year= 1998
}

@ARTICLE{gliwice11,
author={Dias D.M. and Kish W. and Mukheree R. and Tewari R.},
title={ A scalable and highly available Web server },
journal={Proc. of 41st IEEE Computer Society Int'l. Conf. (COMPCON96) },
year= 1996
}

@ARTICLE{gliwice12,
author={Egevang K. and Francis P.},
title={ The IP Network Address Translator (NAT)},
journal={RFC 1631 },
year= 1994
}

@ARTICLE{gliwice13,
author={Cisco's LocalDirector. },
journal={http://www.cisco.com/warp/public/cc/cisco/mkt/scale/locald }
}

@ARTICLE{gliwice14,
author={Damani O.P. and Chung P.Y. and Hang Y. and Kintala C. and Wang },
title={ ONE-IP: Techniques for hosting a service on a cluster of machines. },
journal={Journal of Computer Networks and ISDN Systems},
year= 1997 ,
volume= 29
}

@ARTICLE{gliwice16,
author={Garfinkel S.L. },
title={ The wizard of Netscape.},
journal={WebServer Magazine },
year= 1996
}

@ARTICLE{gliwice17,
author={Mosedale D. and Foss W. and McCool R.},
title={Lesson learned administering Netscape's Internet site. },
journal={IEEE Internet Computing},
year= 1997 ,
volume= 1,
number= 2
}

@ARTICLE{gliwice18,
author={Yoshikawa C. and Chun B. and Eastham P. and Vahdat A. and Anderson T. and Culler D.},
title={Using Smart Clients to build scalable services.},
journal={Proc. of Usenix},
year= 1997
}

@ARTICLE{gliwice19,
author={Wang Y. and Chung P. and Lin C. and Huang Y. },
title={HAWA: A Client-side Approach to High-Availability Web Access.},
journal={Sixth International World Wide Web Conference - Santa Clara},
year= 1997
}

@ARTICLE{gliwice20,
author={Lewontin S. and Martin E.},
title={Client Side Load Balancing for the Web.},
journal={Sixth International World Wide Web Conference - Santa Clara},
year= 1997
}

@ARTICLE{gliwice21,
author={Cardellini V. and Colajanni M. and Yu P.S. },
title={Redirection algorithms for load sharing in distributed Web-server systems. },
journal={Proc. of 19th IEEE Int'l. Conf. on Distributed Computing Systems (ICDCS'99) - Austin },
year= 1999
}

@ARTICLE{gliwice22,
author={Bestavros A. and Crovella M. E. and Liu J. and Martin D. },
title={Distributed Packet Rewriting and its application to scalable Web server architectures. },
journal={Proc. of 6th IEEE Int'l. - Conf. on Network Protocols (ICNP'98) - Austin },
year= 1998
}

@ARTICLE{gliwice23,
author={Microsoft Windows NT Load Balancing Service},
title={ White Paper},
journal={Microsoft Corporation},
year= 1999
}

@ARTICLE{gliwice24,
author={Hunt G. and Goldszmidt G. and King R. and Mukherjee R. },
title={ Network Dispatcher: A Connection Router for Scalable Internet Services.},
journal={Proc. of 7-th Int. World Wide Web Conf. - Brisbane },
year= 1998
}

@ARTICLE{gliwice25,
author={Porczyński R.},
title={ Wybrane elementy architektury globalnych serwerów WWW. },
journal={ZN Pol. Śl. s. Informatyka },
number= 34 ,
year= 1998
}

@ARTICLE{gliwice26,
author={Nowak Z. and Porczyński. R.},
title={ Integrated and Scalable Web Servers Design.},
journal={ISAT'99 - Wrocław},
year= 1999
}

@ARTICLE{gliwice27,
author={Borzemski L. and Porczyński R. },
title={ Load Balancing for Web Servers.},
journal={ISAT'98 - Wrocław},
year= 1998
}

@ARTICLE{gliwice29,
author={Nowak Z. },
title={Przegląd aktualnych prac naukowych i rozwiązań technicznych równoważenia obciążeń serwerów WWW.},
journal={Raport serii SPR 9/98, Instytut Sterowania i Techniki Systemów, Politechnika Wrocławska},
year= 1998
}

@ARTICLE{modele1,
author={Anderson E. and Patterson D. and Brewer E.},
 title={The Magicrouter, an application of fast packet interposing. },
publisher={University of California - Berkley},
 year=1996
 }

@ARTICLE{modele2,
author={Andresen D. and Yang T. and Holmedahl V. and Ibarra O.},
 title={SWEB: Toward a scalable World Wide Web server on multi-computers. },
journal={Proc. of 10th IEEE Int'l. Symp. on Parallel Processing - Honolulu },
 year=1996
 }

@ARTICLE{modele3,
author={Bestavros A. and Crovella M. E. and Liu J. and Martin D.},
 title={Distributed Packet Rewriting and its application to scalable Web server architectures.},
journal={Proc. of 6th IEEE Int'l. Conf. on Network Protocols (ICNP'98), Austin },
 year=1998
 }

@ARTICLE{modele4,
author={Borzemski L. and Nowak Z. and Porczyński R. },
 title={Metody, algorytmy i rozwiązania systemowe równoważenia obciążeń serwerów WWW. },
journal={ZN Pol. Śl. Studia Informatica},
 volume=21,
 number=1,
 year=2000
 }

@ARTICLE{modele5,
author={Borzemski L. and Nowak Z. and Porczyński R. },
 title={The Architectures and Algorithms for Load Balancing on Web-Server Systems.},
publisher={ISAT'2000, Wrocław},
 year=2000
 }

@ARTICLE{modele6,
author={Borzemski L.},
 title={Pomiary wydajności klastra serwerów WWW z równoważeniem obciążenia. },
journal={N Pol. Śl. Studia Informatica },
 volume=22,
 number=3,
 year=2001
 }

@ARTICLE{modele7,
author={Brisco T. },
 title={DNS Support for Load Balancing. },
journal={RFC 1794},
 year=1995
 }

@ARTICLE{modele8,
author={Cardellini V. and Colajanni M. and Yu P.},
 title={Dynamic Load Balancing on Web-server Systems. },
journal={IEEE Internet Computing},
 volume=3,
 number=3,
 year=1999
 }

@ARTICLE{modele9,
author={Cardellini V. and Colajanni M. and Yu P.},
 title={Geographic Load Balancing for Scalable Distributed Web Systems. },
journal={Proc. IEEE Mascots 2000, San Francisco},
 year=2000
 }

@ARTICLE{modele10,
author={Cardellini V. and Colajanni M. and Yu P.},
 title={Redirection algorithms for load sharing in distributed Web-server systems.},
journal={Proc. of 19th IEEE ICDCS, Austin},
 year=1999
 }

@ARTICLE{modele11,
 title={Cisco's LocalDirector.},
journal={http://www.cisco.com/warp/public/cc/pd/cxsr/400/index.shtml }
 }

@ARTICLE{modele12,
 title={Cisco's DistrbutedDirector. },
journal={http://www.cisco.com/warp/public/cc/pd/cxsr/dd/index.shtml}
 }

@ARTICLE{modele13,
author={Colajanni M. and Yu P. and Cardellini V.},
 title={Scalable Web-server systems: Architectures, models and load balancing algorithms. },
journal={ACM Sigmetrics 2000, Santa Clara},
 year=2000
 }

@ARTICLE{modele14,
author={Colajanni M. and Yu P. and Dias D.},
 title={Analysis of task assignment policies in scalable distributed web-server systems.},
journal={IEEE Trans. on Parallel and Distributed Systems },
 volume=9,
 number=6,
 year=1998
 }

@ARTICLE{modele15,
author={Damani O. and Chung P. and Hang Y. and Kintala C. and Wang Y. },
 title={ONE-IP: Techniques for hosting a service on a cluster of machines.},
journal={Journal of Comp. Net. and ISDN Syst.},
 volume=29,
 year=1997
 }

@ARTICLE{modele16,
author={Dias D. and Kish W. and Mukheree R. and Tewari R. },
 title={A scalable and highly available Web server. },
journal={Proc. of 41st IEEE Computer Society Int'l. Conf. (COMPCON96)},
 year=1996
 }

@ARTICLE{modele17,
author={Egevang K. and Francis P. },
 title={The IP Network Address Translator (NAT),},
journal={RFC 1631},
 year=1994
 }

@ARTICLE{modele18,
author={Fielding R. and Gettys J. and Mogul J. and Frystyk H. andMasinter L. and Leach P. and Be},
 title={Hypertext Transfer Protocol ? HTTP/1.1},
journal={RFC 2616},
 year=1999
 }

@ARTICLE{modele19,
author={Garland M. and Grassia S. and Monroe R. and Puri S. },
 title={Implementing Distributed Server Groups for the World Wide Web.},
journal={Tech. Rep. CMU-CS-95-114, Carnegie Mellon Univ. },
 year=1995
 }

@ARTICLE{modele20,
author={Hunt G. and Goldszmidt G. and King R. and Mukherjee R.},
 title={Network Dispatcher: A Connection Router for Scalable Internet Services. },
journal={Proc. of7-th Int. WWW Conf. and Brisbane},
 year=1998
 }

@ARTICLE{modele22,
author={Katz E. and Butler M. and McGrath R.},
 title={A Scalable HTTP Server: The NCSA Prototype. },
publisher={First International Conference on the World Wide Web, CERN, Geneva},
 year=1994
 }

@ARTICLE{modele23,
author={Mourad A. and Huiqun L. },
 title={Scalable Web server architectures.},
publisher={Second IEEE Symposium on Computers and Communications, Proceedings},
 year=1997
 }

@ARTICLE{modele24,
author={Narendran B. and Rangarajan S. and Yajnik S.},
 title={Data distribution algorithms for load balanced fault-tolerant Web access. },
journal={Proc.16-th Symposium on Reliable Distributed Systems},
 year=1997
 }

@ARTICLE{modele25,
author={Porczyński R. },
 title={Wybrane elementy architektury globalnych serwerów WWW.},
journal={ZN Pol. Śl. s. Informatyka},
 number=34,
 year=1998
 }

@ARTICLE{savoia1,
 author={Alberto Savoia},
 title={Three Web load testing blunders, and how to avoid them},
 journal={STQE - Software Testing and Quality Engineering},
 month={May},
 year=2001
 }

@ARTICLE{savoia2,
 author={Alberto Savoia},
 title={Predicting how your Web site will respond to stress},
 journal={STQE - Software Testing and Quality Engineering},
 month={July},
 year=2001
 }
 
@ARTICLE{savoia3,
 author={Alberto Savoia},
 title={},
 journal={The Science of Web site Load Testing - Keynote Systems, Inc.},
 year=2000
 }
